%% This BibTeX bibliography file was created using BibDesk.
%% http://bibdesk.sourceforge.net/


%% Created for Carlos Souza at 2012-11-28 22:39:03 -0200 


%% Saved with string encoding Unicode (UTF-8) 



@inproceedings{ruby_vs_druby,
	Address = {Orlando, Florida},
	Author = {Mark T. Daly and Vibha Sazawal and Jeffrey S. Foster},
	Booktitle = {Workshop on Evaluation and Usability of Programming Languages and Tools (PLATEAU)},
	Date-Added = {2012-11-29 00:37:38 +0000},
	Date-Modified = {2012-11-29 00:37:38 +0000},
	Month = {October},
	Title = {{Work In Progress: an Empirical Study of Static Typing in Ruby}},
	Year = {2009}}

@article{type_sytems_in_parameters,
	Address = {Los Alamitos, CA, USA},
	Author = {Lutz Prechelt and Walter F. Tichy},
	Date-Added = {2012-11-29 00:37:32 +0000},
	Date-Modified = {2012-11-29 00:38:27 +0000},
	Doi = {http://doi.ieeecomputersociety.org/10.1109/32.677186},
	Issn = {0098-5589},
	Journal = {IEEE Transactions on Software Engineering},
	Pages = {302-312},
	Publisher = {IEEE Computer Society},
	Title = {A Controlled Experiment to Assess the Benefits of Procedure Argument Type Checking},
	Volume = {24},
	Year = {1998},
	Bdsk-Url-1 = {http://doi.ieeecomputersociety.org/10.1109/32.677186}}

@article{jit,
	Acmid = {2047853},
	Address = {New York, NY, USA},
	Author = {Chang, Mason and Mathiske, Bernd and Smith, Edwin and Chaudhuri, Avik and Gal, Andreas and Bebenita, Michael and Wimmer, Christian and Franz, Michael},
	Date-Added = {2012-11-29 00:37:22 +0000},
	Date-Modified = {2012-11-29 00:37:22 +0000},
	Doi = {10.1145/2168696.2047853},
	Issn = {0362-1340},
	Issue_Date = {February 2012},
	Journal = {SIGPLAN Not.},
	Keywords = {actionscript, dynamic compilation, javascript type speculation, optionally typed languages, tamarin, type inference},
	Month = oct,
	Number = {2},
	Numpages = {12},
	Pages = {13--24},
	Publisher = {ACM},
	Title = {The impact of optional type information on jit compilation of dynamically typed languages},
	Url = {http://doi.acm.org/10.1145/2168696.2047853},
	Volume = {47},
	Year = {2011},
	Bdsk-Url-1 = {http://doi.acm.org/10.1145/2168696.2047853},
	Bdsk-Url-2 = {http://dx.doi.org/10.1145/2168696.2047853}}

@article{experiment_with_purity,
	Acmid = {1869462},
	Address = {New York, NY, USA},
	Author = {Hanenberg, Stefan},
	Date-Added = {2012-11-29 00:37:13 +0000},
	Date-Modified = {2012-11-29 00:37:13 +0000},
	Doi = {10.1145/1932682.1869462},
	Issn = {0362-1340},
	Issue_Date = {October 2010},
	Journal = {SIGPLAN Not.},
	Keywords = {dynamically typed languages, empirical study, programming languages, type systems},
	Month = oct,
	Number = {10},
	Numpages = {14},
	Pages = {22--35},
	Publisher = {ACM},
	Title = {An experiment about static and dynamic type systems: doubts about the positive impact of static type systems on development time},
	Url = {http://doi.acm.org/10.1145/1932682.1869462},
	Volume = {45},
	Year = {2010},
	Bdsk-Url-1 = {http://doi.acm.org/10.1145/1932682.1869462},
	Bdsk-Url-2 = {http://dx.doi.org/10.1145/1932682.1869462}}

@article{type_systems,
	Acmid = {234418},
	Address = {New York, NY, USA},
	Author = {Cardelli, Luca},
	Date-Added = {2012-11-29 00:37:01 +0000},
	Date-Modified = {2012-11-29 00:37:01 +0000},
	Doi = {10.1145/234313.234418},
	Issn = {0360-0300},
	Issue_Date = {March 1996},
	Journal = {ACM Comput. Surv.},
	Month = mar,
	Number = {1},
	Numpages = {2},
	Pages = {263--264},
	Publisher = {ACM},
	Title = {Type systems},
	Url = {http://doi.acm.org/10.1145/234313.234418},
	Volume = {28},
	Year = {1996},
	Bdsk-Url-1 = {http://doi.acm.org/10.1145/234313.234418},
	Bdsk-Url-2 = {http://dx.doi.org/10.1145/234313.234418}}

@incollection{dynamically_typed_languages,
	Author = {Laurence Tratt},
	Date-Added = {2012-11-29 00:36:45 +0000},
	Date-Modified = {2012-11-29 00:36:45 +0000},
	Doi = {10.1016/S0065-2458(09)01205-4},
	Editor = {Marvin V. Zelkowitz},
	Issn = {0065-2458},
	Pages = {149 - 184},
	Publisher = {Elsevier},
	Series = {Advances in Computers},
	Title = {Chapter 5 Dynamically Typed Languages},
	Url = {http://www.sciencedirect.com/science/article/pii/S0065245809012054},
	Volume = {77},
	Year = {2009},
	Bdsk-Url-1 = {http://www.sciencedirect.com/science/article/pii/S0065245809012054},
	Bdsk-Url-2 = {http://dx.doi.org/10.1016/S0065-2458(09)01205-4}}

@article{should_your_specification_language_be_typed,
	Acmid = {319317},
	Address = {New York, NY, USA},
	Author = {Lamport, Leslie and Paulson, Lawrence C.},
	Date-Added = {2012-11-29 00:36:14 +0000},
	Date-Modified = {2012-11-29 00:36:14 +0000},
	Doi = {10.1145/319301.319317},
	Issn = {0164-0925},
	Issue_Date = {May 1999},
	Journal = {ACM Trans. Program. Lang. Syst.},
	Keywords = {set theory, specification, types},
	Month = may,
	Number = {3},
	Numpages = {25},
	Pages = {502--526},
	Publisher = {ACM},
	Title = {Should your specification language be typed},
	Url = {http://doi.acm.org/10.1145/319301.319317},
	Volume = {21},
	Year = {1999},
	Bdsk-Url-1 = {http://doi.acm.org/10.1145/319301.319317},
	Bdsk-Url-2 = {http://dx.doi.org/10.1145/319301.319317}}

@article{hanenberg_icpc,
	author = {Kleinschmager, Sebastian and Hanenberg, Stefan and Robbes, Romain and Stefik, Andreas},
	doi = {10.1109/ICPC.2012.6240483},
	file = {:Users/carlosgsouza/Dropbox/UFMG/Articles/es/06240483.pdf:pdf},
	isbn = {978-1-4673-1216-5},
	journal = {2012 20th IEEE International Conference on Program Comprehension (ICPC)},
	month = jun,
	pages = {153--162},
	publisher = {Ieee},
	title = {{Do static type systems improve the maintainability of software systems? An empirical study}},
	url = {http://ieeexplore.ieee.org/lpdocs/epic03/wrapper.htm?arnumber=6240483},
	year = {2012}
}

@book{types_and_programming_languages,
  title={Types and programming languages},
  author={Pierce, B.C.},
  year={2002},
  publisher={MIT press}
}

@book{bruce2002foundations,
  title={Foundations of object-oriented languages: types and semantics},
  author={Bruce, K.B.},
  year={2002},
  publisher={MIT press}
}

@incollection{eval_js,
	year={2011},
	isbn={978-3-642-22654-0},
	booktitle={ECOOP 2011 Object-Oriented Programming},
	volume={6813},
	series={Lecture Notes in Computer Science},
	editor={Mezini, Mira},
	doi={10.1007/978-3-642-22655-7_4},
	title={The Eval That Men Do},
	url={http://dx.doi.org/10.1007/978-3-642-22655-7_4},
	publisher={Springer Berlin Heidelberg},
	author={Richards, Gregor and Hammer, Christian and Burg, Brian and Vitek, Jan},
	pages={52-78}
}

@article{Gannon:1977:EED:359763.359800,
 author = {Gannon, J. D.},
 title = {An experimental evaluation of data type conventions},
 journal = {Commun. ACM},
 issue_date = {Aug. 1977},
 volume = {20},
 number = {8},
 month = aug,
 year = {1977},
 issn = {0001-0782},
 pages = {584--595},
 numpages = {12},
 url = {http://doi.acm.org/10.1145/359763.359800},
 doi = {10.1145/359763.359800},
 acmid = {359800},
 publisher = {ACM},
 address = {New York, NY, USA},
 keywords = {data types, experimentation, language design, redundancy, reliable software},
} 

@article{Stuchlik:2011:SVD:2168696.2047861,
 author = {Stuchlik, Andreas and Hanenberg, Stefan},
 title = {Static vs. dynamic type systems: an empirical study about the relationship between type casts and development time},
 journal = {SIGPLAN Not.},
 issue_date = {February 2012},
 volume = {47},
 number = {2},
 month = oct,
 year = {2011},
 issn = {0362-1340},
 pages = {97--106},
 numpages = {10},
 url = {http://doi.acm.org/10.1145/2168696.2047861},
 doi = {10.1145/2168696.2047861},
 acmid = {2047861},
 publisher = {ACM},
 address = {New York, NY, USA},
 keywords = {empirical research, programming language research, software engineering, type systems},
} 

@article{mayer2012static,
  title={Static type systems (sometimes) have a positive impact on the usability of undocumented software: An empirical evaluation},
  author={Mayer, C. and Hanenberg, S. and Robbes, R. and Tanter, {\'E}. and Stefik, A.},
  journal={self},
  volume={18},
  pages={5},
  year={2012}
}

@misc{tiobeIndex,
title = {TIOBE Programming Community Index},
month = jun,
note = {Acessado em 23/06/2013},
howpublished = {\url{http://www.tiobe.com/index.php/content/paperinfo/tpci/index.html}}
}

@inproceedings{bruch2009learning,
  title={Learning from examples to improve code completion systems},
  author={Bruch, Marcel and Monperrus, Martin and Mezini, Mira},
  booktitle={Proceedings of the the 7th joint meeting of the European software engineering conference and the ACM SIGSOFT symposium on The foundations of software engineering},
  pages={213--222},
  year={2009},
  organization={ACM}
}


